<?xml version="1.0" encoding="UTF-8"?><collection xmlns="http://www.loc.gov/MARC21/slim"><record><leader>00776nam--2200217-u-4500</leader><controlfield tag="001">000052889</controlfield><controlfield tag="002">20161230</controlfield><controlfield tag="005">20161230201050</controlfield><controlfield tag="008">101126s1000------------r-----000-0-eng-d</controlfield><datafield ind1=" " ind2=" " tag="020"><subfield code="a">052132291</subfield></datafield><datafield ind1=" " ind2=" " tag="040"><subfield code="a">IFIN-HH</subfield></datafield><datafield ind1=" " ind2=" " tag="080"><subfield code="a">621.375.826(061.3)</subfield></datafield><datafield ind1="1" ind2=" " tag="100"><subfield code="a">Boyd, Robert W</subfield></datafield><datafield ind1="1" ind2="0" tag="245"><subfield code="a">Optical instabilities</subfield><subfield code="b">Proceedings of the international meeting on instabilities and dynamics of laers and nonlinear systems, university of rochester, june 18-21 1985</subfield><subfield code="c">ROBERT W. BOYD; MICHAEL G. RAYMER; LORENZO M. NARDUCCI (Eds.)</subfield></datafield><datafield ind1=" " ind2=" " tag="260"><subfield code="a">SYDNEY</subfield><subfield code="b">Cambridge University Press</subfield><subfield code="c">1986</subfield></datafield><datafield ind1=" " ind2=" " tag="300"><subfield code="a">396P</subfield></datafield><datafield ind1=" " ind2=" " tag="490"><subfield code="a">Cambridge Studies In Modern Optics</subfield><subfield code="v">Vol. 4</subfield></datafield><datafield ind1=" " ind2="4" tag="650"><subfield code="a">Optics</subfield></datafield><datafield ind1="1" ind2=" " tag="700"><subfield code="a">Narducci, Lorenzo M</subfield><subfield code="e">Ed</subfield></datafield><datafield ind1=" " ind2=" " tag="852"><subfield code="a">74771</subfield><subfield code="c">535</subfield></datafield><datafield ind1=" " ind2=" " tag="CAT"><subfield code="a">Sys</subfield><subfield code="c">20101126</subfield><subfield code="h">102459</subfield></datafield></record></collection>